<?xml version="1.0" encoding="UTF-8"?>
<!DOCTYPE html PUBLIC "-//W3C//DTD XHTML 1.0 Transitional//EN"
    "http://www.w3.org/TR/xhtml1/DTD/xhtml1-transitional.dtd">
<html xmlns="http://www.w3.org/1999/xhtml" xml:lang="en" lang="en">
 <head>
  <title>
</title>
<meta http-equiv="Content-Type" content="text/html;charset=utf-8" />
  <meta name='ocr-system' content='tesseract 3.04.00' />
  <meta name='ocr-capabilities' content='ocr_page ocr_carea ocr_par ocr_line ocrx_word'/>
</head>
<body>
  <div class='ocr_page' id='page_1' title='image "./deargonautaruma00stengoog_0075.png"; bbox 0 0 3068 5296; ppageno 0'>
   <div class='ocr_carea' id='block_1_1' title="bbox 846 372 1016 436">
    <p class='ocr_par' dir='ltr' id='par_1_1' title="bbox 846 372 1016 436">
     <span class='ocr_line' id='line_1_1' title="bbox 846 372 1016 436; baseline 0.018 -18"><span class='ocrx_word' id='word_1_1' title='bbox 846 372 1016 436; x_wconf 56' lang='lat'>..68-</span> 
     </span>
    </p>
   </div>
   <div class='ocr_carea' id='block_1_2' title="bbox 317 555 1534 742">
    <p class='ocr_par' dir='ltr' id='par_1_2' title="bbox 317 555 1534 742">
     <span class='ocr_line' id='line_1_2' title="bbox 317 555 1534 641; baseline -0.007 -17"><span class='ocrx_word' id='word_1_2' title='bbox 317 561 452 625; x_wconf 88' lang='lat' dir='ltr'>scholiis</span> <span class='ocrx_word' id='word_1_3' title='bbox 477 562 519 622; x_wconf 91' lang='lat' dir='ltr'>ad</span> <span class='ocrx_word' id='word_1_4' title='bbox 542 558 756 641; x_wconf 88' lang='lat' dir='ltr'>Apollonium</span> <span class='ocrx_word' id='word_1_5' title='bbox 779 555 947 620; x_wconf 89' lang='lat' dir='ltr'>Rhodium</span> <span class='ocrx_word' id='word_1_6' title='bbox 976 558 1191 622; x_wconf 84' lang='lat' dir='ltr'>factitandum</span> <span class='ocrx_word' id='word_1_7' title='bbox 1225 572 1284 637; x_wconf 89' lang='lat' dir='ltr'>est,</span> <span class='ocrx_word' id='word_1_8' title='bbox 1309 583 1383 624; x_wconf 93' lang='lat' dir='ltr'>cum</span> <span class='ocrx_word' id='word_1_9' title='bbox 1411 569 1534 622; x_wconf 91' lang='lat' dir='ltr'>vetust.</span> 
     </span>
     <span class='ocr_line' id='line_1_3' title="bbox 317 660 1532 742; baseline 0 -18"><span class='ocrx_word' id='word_1_10' title='bbox 317 661 443 724; x_wconf 84' lang='lat' dir='ltr'>scholia</span> <span class='ocrx_word' id='word_1_11' title='bbox 476 662 531 742; x_wconf 88' lang='lat' dir='ltr'>qui</span> <span class='ocrx_word' id='word_1_12' title='bbox 565 660 738 742; x_wconf 85' lang='lat' dir='ltr'>exscripsit</span> <span class='ocrx_word' id='word_1_13' title='bbox 771 660 803 721; x_wconf 93' lang='lat' dir='ltr'>in</span> <span class='ocrx_word' id='word_1_14' title='bbox 836 660 969 722; x_wconf 83' lang='lat' dir='ltr'><strong>nimiam</strong></span> <span class='ocrx_word' id='word_1_15' title='bbox 1004 660 1200 724; x_wconf 90' lang='lat' dir='ltr'>brevitatem</span> <span class='ocrx_word' id='word_1_16' title='bbox 1236 665 1448 738; x_wconf 81' lang='lat' dir='ltr'>contraxerit,</span> <span class='ocrx_word' id='word_1_17' title='bbox 1484 664 1532 724; x_wconf 88' lang='lat' dir='ltr'>cfr</span> 
     </span>
    </p>
   </div>
   <div class='ocr_carea' id='block_1_3' title="bbox 40 721 1529 863">
    <p class='ocr_par' dir='ltr' id='par_1_3' title="bbox 40 721 1529 863">
     <span class='ocr_line' id='line_1_4' title="bbox 40 721 1529 863; baseline -0.003 -34"><span class='ocrx_word' id='word_1_18' title='bbox 40 816 68 863; x_wconf 89' lang='lat'>.¹</span> <span class='ocrx_word' id='word_1_19' title='bbox 172 721 174 724; x_wconf 16' lang='grc' dir='ltr'>Ι</span> <span class='ocrx_word' id='word_1_20' title='bbox 260 792 261 795; x_wconf 48' lang='grc'><strong>“</strong></span> <span class='ocrx_word' id='word_1_21' title='bbox 315 763 471 826; x_wconf 87' lang='lat' dir='ltr'>Lehrsius</span> <span class='ocrx_word' id='word_1_22' title='bbox 495 762 537 825; x_wconf 92' lang='lat' dir='ltr'>de</span> <span class='ocrx_word' id='word_1_23' title='bbox 560 761 695 843; x_wconf 89' lang='lat' dir='ltr'>Asclep.</span> <span class='ocrx_word' id='word_1_24' title='bbox 719 761 815 842; x_wconf 88' lang='lat' dir='ltr'>Myrl.</span> <span class='ocrx_word' id='word_1_25' title='bbox 838 783 869 844; x_wconf 95' lang='lat' dir='ltr'>p.</span> <span class='ocrx_word' id='word_1_26' title='bbox 886 777 958 840; x_wconf 84' lang='lat'>432,</span> <span class='ocrx_word' id='word_1_27' title='bbox 982 762 1161 825; x_wconf 89' lang='lat' dir='ltr'>Weichert.</span> <span class='ocrx_word' id='word_1_28' title='bbox 1178 765 1234 827; x_wconf 91' lang='lat' dir='ltr'>vit.</span> <span class='ocrx_word' id='word_1_29' title='bbox 1252 774 1285 828; x_wconf 89' lang='lat' dir='ltr'>et</span> <span class='ocrx_word' id='word_1_30' title='bbox 1301 767 1409 852; x_wconf 85' lang='lat' dir='ltr'>script.</span> <span class='ocrx_word' id='word_1_31' title='bbox 1427 765 1529 846; x_wconf 86' lang='lat' dir='ltr'>Apoll</span> 
     </span>
    </p>
   </div>
   <div class='ocr_carea' id='block_1_4' title="bbox 315 860 1534 2678">
    <p class='ocr_par' dir='ltr' id='par_1_4' title="bbox 315 860 1534 1756">
     <span class='ocr_line' id='line_1_5' title="bbox 315 860 1530 948; baseline 0 -22"><span class='ocrx_word' id='word_1_32' title='bbox 315 887 346 948; x_wconf 92' lang='lat' dir='ltr'>p.</span> <span class='ocrx_word' id='word_1_33' title='bbox 374 864 433 926; x_wconf 90' lang='lat'>166</span> <span class='ocrx_word' id='word_1_34' title='bbox 462 872 494 926; x_wconf 88' lang='lat' dir='ltr'>et</span> <span class='ocrx_word' id='word_1_35' title='bbox 517 863 656 944; x_wconf 81' lang='lat' dir='ltr'>saepius</span> <span class='ocrx_word' id='word_1_36' title='bbox 701 863 754 924; x_wconf 94' lang='lat' dir='ltr'>De</span> <span class='ocrx_word' id='word_1_37' title='bbox 784 860 857 944; x_wconf 90' lang='lat' dir='ltr'>ipsa</span> <span class='ocrx_word' id='word_1_38' title='bbox 883 884 917 924; x_wconf 89' lang='lat' dir='ltr'>re</span> <span class='ocrx_word' id='word_1_39' title='bbox 941 865 1181 945; x_wconf 87' lang='lat' dir='ltr'>comparandus</span> <span class='ocrx_word' id='word_1_40' title='bbox 1214 876 1265 928; x_wconf 90' lang='lat' dir='ltr'>est</span> <span class='ocrx_word' id='word_1_41' title='bbox 1288 867 1378 928; x_wconf 88' lang='lat' dir='ltr'>locus</span> <span class='ocrx_word' id='word_1_42' title='bbox 1402 867 1530 928; x_wconf 89' lang='lat' dir='ltr'>Diodor</span> 
     </span>
     <span class='ocr_line' id='line_1_6' title="bbox 316 963 1527 1047; baseline 0.001 -19"><span class='ocrx_word' id='word_1_43' title='bbox 316 967 345 1042; x_wconf 91' lang='lat' dir='ltr'>I,</span> <span class='ocrx_word' id='word_1_44' title='bbox 373 984 411 1047; x_wconf 88' lang='lat'>19</span> <span class='ocrx_word' id='word_1_45' title='bbox 445 975 478 1028; x_wconf 93' lang='lat' dir='ltr'>et</span> <span class='ocrx_word' id='word_1_46' title='bbox 511 963 783 1027; x_wconf 89' lang='lat' dir='ltr'>Forchhammer.</span> <span class='ocrx_word' id='word_1_47' title='bbox 812 963 941 1026; x_wconf 85' lang='lat' dir='ltr'>Hellen.</span> <span class='ocrx_word' id='word_1_48' title='bbox 971 987 1001 1046; x_wconf 93' lang='lat' dir='ltr'>p.</span> <span class='ocrx_word' id='word_1_49' title='bbox 1031 965 1102 1027; x_wconf 85' lang='lat'>228.</span> <span class='ocrx_word' id='word_1_50' title='bbox 1158 965 1259 1029; x_wconf 89' lang='lat' dir='ltr'>Aliud</span> <span class='ocrx_word' id='word_1_51' title='bbox 1294 966 1457 1030; x_wconf 87' lang='lat' dir='ltr'>fabulatus</span> <span class='ocrx_word' id='word_1_52' title='bbox 1492 989 1527 1029; x_wconf 88' lang='lat' dir='ltr'>es</span> 
     </span>
     <span class='ocr_line' id='line_1_7' title="bbox 316 1065 1534 1147; baseline -0.002 -16"><span class='ocrx_word' id='word_1_53' title='bbox 316 1068 415 1131; x_wconf 89' lang='lat' dir='ltr'>Duris</span> <span class='ocrx_word' id='word_1_54' title='bbox 451 1067 492 1128; x_wconf 89' lang='lat' dir='ltr'>de</span> <span class='ocrx_word' id='word_1_55' title='bbox 526 1067 614 1128; x_wconf 92' lang='lat' dir='ltr'>cultu</span> <span class='ocrx_word' id='word_1_56' title='bbox 637 1065 787 1127; x_wconf 88' lang='lat' dir='ltr'>Herculis</span> <span class='ocrx_word' id='word_1_57' title='bbox 816 1087 836 1127; x_wconf 93' lang='lat' dir='ltr'>a</span> <span class='ocrx_word' id='word_1_58' title='bbox 863 1065 1015 1147; x_wconf 87' lang='lat' dir='ltr'>gentibus</span> <span class='ocrx_word' id='word_1_59' title='bbox 1045 1067 1087 1128; x_wconf 93' lang='lat' dir='ltr'>ad</span> <span class='ocrx_word' id='word_1_60' title='bbox 1111 1065 1294 1130; x_wconf 83' lang='lat' dir='ltr'>Caucasum</span> <span class='ocrx_word' id='word_1_61' title='bbox 1317 1067 1534 1131; x_wconf 90' lang='lat' dir='ltr'>habitantibu</span> 
     </span>
     <span class='ocr_line' id='line_1_8' title="bbox 317 1165 1531 1251; baseline -0.001 -20"><span class='ocrx_word' id='word_1_62' title='bbox 317 1171 464 1232; x_wconf 87' lang='lat' dir='ltr'>instituto</span> <span class='ocrx_word' id='word_1_63' title='bbox 491 1168 557 1248; x_wconf 85' lang='lat' dir='ltr'>(cfr.</span> <span class='ocrx_word' id='word_1_64' title='bbox 572 1167 674 1231; x_wconf 87' lang='lat' dir='ltr'>schol.</span> <span class='ocrx_word' id='word_1_65' title='bbox 699 1168 741 1228; x_wconf 91' lang='lat' dir='ltr'>ad</span> <span class='ocrx_word' id='word_1_66' title='bbox 764 1166 919 1249; x_wconf 86' lang='lat' dir='ltr'>Apollon.</span> <span class='ocrx_word' id='word_1_67' title='bbox 943 1166 1053 1230; x_wconf 92' lang='lat' dir='ltr'>Rhod.</span> <span class='ocrx_word' id='word_1_68' title='bbox 1070 1168 1107 1244; x_wconf 90' lang='lat' dir='ltr'>II,</span> <span class='ocrx_word' id='word_1_69' title='bbox 1127 1169 1235 1251; x_wconf 81' lang='lat'>1249):</span> <span class='ocrx_word' id='word_1_70' title='bbox 1252 1169 1381 1245; x_wconf 75' lang='grc' dir='ltr'><em>Δοῦρις</em></span> <span class='ocrx_word' id='word_1_71' title='bbox 1403 1165 1441 1229; x_wconf 80' lang='grc' dir='ltr'>δέ</span> <span class='ocrx_word' id='word_1_72' title='bbox 1457 1181 1531 1248; x_wconf 86' lang='grc' dir='ltr'>φησ</span> 
     </span>
     <span class='ocr_line' id='line_1_9' title="bbox 317 1255 1527 1352; baseline 0 -22"><span class='ocrx_word' id='word_1_73' title='bbox 317 1256 375 1331; x_wconf 71' lang='grc' dir='ltr'>διὰ</span> <span class='ocrx_word' id='word_1_74' title='bbox 397 1267 437 1331; x_wconf 82' lang='grc' dir='ltr'>τὸ</span> <span class='ocrx_word' id='word_1_75' title='bbox 460 1270 520 1348; x_wconf 81' lang='grc' dir='ltr'>τῆς</span> <span class='ocrx_word' id='word_1_76' title='bbox 541 1256 697 1348; x_wconf 60' lang='grc' dir='ltr'>Ἀθηνᾶς</span> <span class='ocrx_word' id='word_1_77' title='bbox 719 1255 919 1347; x_wconf 63' lang='grc' dir='ltr'><em>ἐρασθῆναι</em></span> <span class='ocrx_word' id='word_1_78' title='bbox 944 1269 1097 1350; x_wconf 84' lang='lat' dir='ltr'>(aquilam</span> <span class='ocrx_word' id='word_1_79' title='bbox 1121 1269 1188 1332; x_wconf 89' lang='lat' dir='ltr'>scil.</span> <span class='ocrx_word' id='word_1_80' title='bbox 1211 1271 1346 1332; x_wconf 90' lang='lat' dir='ltr'>missam</span> <span class='ocrx_word' id='word_1_81' title='bbox 1370 1291 1443 1332; x_wconf 90' lang='lat' dir='ltr'>esse</span> <span class='ocrx_word' id='word_1_82' title='bbox 1466 1271 1527 1352; x_wconf 80' lang='lat' dir='ltr'>Pro</span> 
     </span>
     <span class='ocr_line' id='line_1_10' title="bbox 316 1356 1528 1455; baseline -0.002 -22"><span class='ocrx_word' id='word_1_83' title='bbox 316 1371 472 1453; x_wconf 83' lang='lat' dir='ltr'>metheo).</span> <span class='ocrx_word' id='word_1_84' title='bbox 507 1359 592 1432; x_wconf 59' lang='grc' dir='ltr'>ὅθεν</span> <span class='ocrx_word' id='word_1_85' title='bbox 624 1357 706 1437; x_wconf 76' lang='grc' dir='ltr'><strong><em>τοὺς</em></strong></span> <span class='ocrx_word' id='word_1_86' title='bbox 739 1369 815 1447; x_wconf 73' lang='grc' dir='ltr'>περὶ</span> <span class='ocrx_word' id='word_1_87' title='bbox 847 1356 902 1431; x_wconf 71' lang='lat' dir='ltr'>rd&#39;</span> <span class='ocrx_word' id='word_1_88' title='bbox 923 1363 1125 1433; x_wconf 76' lang='grc' dir='ltr'><em>Καυκάσιον</em></span> <span class='ocrx_word' id='word_1_89' title='bbox 1153 1370 1337 1438; x_wconf 79' lang='grc' dir='ltr'><strong><em>οἰκοῦντας</em></strong></span> <span class='ocrx_word' id='word_1_90' title='bbox 1364 1361 1463 1455; x_wconf 77' lang='grc' dir='ltr'><em>μόνῳ</em></span> <span class='ocrx_word' id='word_1_91' title='bbox 1485 1375 1528 1431; x_wconf 67' lang='lat' dir='ltr'>Aa</span> 
     </span>
     <span class='ocr_line' id='line_1_11' title="bbox 317 1459 1530 1557; baseline 0 -22"><span class='ocrx_word' id='word_1_92' title='bbox 317 1472 376 1535; x_wconf 79' lang='lat' dir='ltr'>uui</span> <span class='ocrx_word' id='word_1_93' title='bbox 404 1460 547 1557; x_wconf 60' lang='grc' dir='ltr'><em>Ἀθηνᾷ</em></span> <span class='ocrx_word' id='word_1_94' title='bbox 577 1471 625 1551; x_wconf 76' lang='grc' dir='ltr'>μή</span> <span class='ocrx_word' id='word_1_95' title='bbox 659 1465 762 1534; x_wconf 64' lang='grc' dir='ltr'><em>θύειν</em></span> <span class='ocrx_word' id='word_1_96' title='bbox 790 1471 848 1533; x_wconf 73' lang='lat' dir='ltr'>dui</span> <span class='ocrx_word' id='word_1_97' title='bbox 872 1459 911 1534; x_wconf 79' lang='grc' dir='ltr'>τὸ</span> <span class='ocrx_word' id='word_1_98' title='bbox 934 1465 1111 1541; x_wconf 76' lang='grc' dir='ltr'><em>κολάσεως</em></span> <span class='ocrx_word' id='word_1_99' title='bbox 1132 1472 1264 1543; x_wconf 78' lang='grc' dir='ltr'><em>αἰτίους</em></span> <span class='ocrx_word' id='word_1_100' title='bbox 1288 1474 1469 1555; x_wconf 60' lang='grc' dir='ltr'>Προμηθεῖ</span> <span class='ocrx_word' id='word_1_101' title='bbox 1489 1495 1530 1552; x_wconf 78' lang='grc' dir='ltr'>γε</span> 
     </span>
     <span class='ocr_line' id='line_1_12' title="bbox 316 1562 1514 1656; baseline -0.001 -18"><span class='ocrx_word' id='word_1_102' title='bbox 316 1572 452 1649; x_wconf 59' lang='grc' dir='ltr'>νέσθαι,</span> <span class='ocrx_word' id='word_1_103' title='bbox 486 1577 570 1636; x_wconf 64' lang='grc' dir='ltr'>καθ’</span> <span class='ocrx_word' id='word_1_104' title='bbox 594 1563 799 1654; x_wconf 70' lang='grc' dir='ltr'><em>ὑπερβολήν</em></span> <span class='ocrx_word' id='word_1_105' title='bbox 833 1570 871 1636; x_wconf 79' lang='grc' dir='ltr'>δὲ</span> <span class='ocrx_word' id='word_1_106' title='bbox 906 1572 1020 1654; x_wconf 74' lang='grc' dir='ltr'><em>σέβειν</em></span> <span class='ocrx_word' id='word_1_107' title='bbox 1041 1564 1223 1653; x_wconf 79' lang='grc' dir='ltr'><strong><em>Ἡρακλέα</em></strong></span> <span class='ocrx_word' id='word_1_108' title='bbox 1256 1576 1316 1656; x_wconf 83' lang='grc' dir='ltr'>τῆς</span> <span class='ocrx_word' id='word_1_109' title='bbox 1347 1575 1412 1637; x_wconf 80' lang='grc' dir='ltr'>τοῦ</span> <span class='ocrx_word' id='word_1_110' title='bbox 1433 1562 1514 1637; x_wconf 74' lang='lat' dir='ltr'>ciero</span> 
     </span>
     <span class='ocr_line' id='line_1_13' title="bbox 319 1669 807 1756; baseline -0.006 -17"><span class='ocrx_word' id='word_1_111' title='bbox 319 1676 457 1745; x_wconf 72' lang='grc' dir='ltr'><em>τοξείας</em></span> <span class='ocrx_word' id='word_1_112' title='bbox 479 1669 595 1756; x_wconf 78' lang='grc' dir='ltr'><em>χάριν.</em></span> <span class='ocrx_word' id='word_1_113' title='bbox 804 1675 807 1680; x_wconf 74' lang='grc'><strong>’</strong></span> 
     </span>
    </p>

    <p class='ocr_par' dir='ltr' id='par_1_5' title="bbox 317 1779 1534 2678">
     <span class='ocr_line' id='line_1_14' title="bbox 401 1779 1534 1863; baseline -0.002 -21"><span class='ocrx_word' id='word_1_114' title='bbox 401 1780 458 1842; x_wconf 90' lang='lat' dir='ltr'>Ad</span> <span class='ocrx_word' id='word_1_115' title='bbox 491 1779 593 1841; x_wconf 79' lang='lat' dir='ltr'>finem·</span> <span class='ocrx_word' id='word_1_116' title='bbox 623 1782 782 1863; x_wconf 88' lang='lat' dir='ltr'>propositi</span> <span class='ocrx_word' id='word_1_117' title='bbox 804 1781 951 1862; x_wconf 88' lang='lat' dir='ltr'>perveni,</span> <span class='ocrx_word' id='word_1_118' title='bbox 980 1801 1054 1843; x_wconf 90' lang='lat' dir='ltr'>cum</span> <span class='ocrx_word' id='word_1_119' title='bbox 1082 1782 1124 1843; x_wconf 94' lang='lat' dir='ltr'>de</span> <span class='ocrx_word' id='word_1_120' title='bbox 1151 1781 1248 1843; x_wconf 88' lang='lat' dir='ltr'>rebus</span> <span class='ocrx_word' id='word_1_121' title='bbox 1282 1780 1369 1862; x_wconf 92' lang='lat' dir='ltr'>apud</span> <span class='ocrx_word' id='word_1_122' title='bbox 1397 1779 1534 1843; x_wconf 90' lang='lat' dir='ltr'>Colcho·</span> 
     </span>
     <span class='ocr_line' id='line_1_15' title="bbox 317 1882 1525 1964; baseline -0.001 -20"><span class='ocrx_word' id='word_1_123' title='bbox 317 1882 420 1963; x_wconf 84' lang='lat' dir='ltr'>gestis</span> <span class='ocrx_word' id='word_1_124' title='bbox 464 1882 571 1964; x_wconf 89' lang='lat' dir='ltr'>deque</span> <span class='ocrx_word' id='word_1_125' title='bbox 618 1885 722 1945; x_wconf 87' lang='lat' dir='ltr'>reditu</span> <span class='ocrx_word' id='word_1_126' title='bbox 769 1883 906 1946; x_wconf 89' lang='lat' dir='ltr'>heroum</span> <span class='ocrx_word' id='word_1_127' title='bbox 950 1883 1109 1945; x_wconf 87' lang='lat' dir='ltr'>disserere</span> <span class='ocrx_word' id='word_1_128' title='bbox 1151 1904 1217 1945; x_wconf 92' lang='lat' dir='ltr'>non</span> <span class='ocrx_word' id='word_1_129' title='bbox 1264 1882 1361 1945; x_wconf 90' lang='lat' dir='ltr'>liceat</span> <span class='ocrx_word' id='word_1_130' title='bbox 1409 1892 1525 1964; x_wconf 89' lang='lat' dir='ltr'>propte</span> 
     </span>
     <span class='ocr_line' id='line_1_16' title="bbox 322 1984 1527 2066; baseline -0.002 -19"><span class='ocrx_word' id='word_1_131' title='bbox 322 1984 419 2066; x_wconf 87' lang='lat' dir='ltr'>spatii</span> <span class='ocrx_word' id='word_1_132' title='bbox 442 1985 668 2065; x_wconf 81' lang='lat' dir='ltr'>exiguitatem.</span> <span class='ocrx_word' id='word_1_133' title='bbox 703 1985 832 2047; x_wconf 89' lang='lat' dir='ltr'>Tamen</span> <span class='ocrx_word' id='word_1_134' title='bbox 855 1985 938 2047; x_wconf 90' lang='lat' dir='ltr'>haec</span> <span class='ocrx_word' id='word_1_135' title='bbox 961 2006 1035 2046; x_wconf 93' lang='lat' dir='ltr'>cum</span> <span class='ocrx_word' id='word_1_136' title='bbox 1059 1995 1091 2047; x_wconf 90' lang='lat' dir='ltr'>et</span> <span class='ocrx_word' id='word_1_137' title='bbox 1114 2003 1198 2066; x_wconf 91' lang='lat' dir='ltr'>quae</span> <span class='ocrx_word' id='word_1_138' title='bbox 1221 1984 1350 2046; x_wconf 89' lang='lat' dir='ltr'>uberius</span> <span class='ocrx_word' id='word_1_139' title='bbox 1365 1993 1527 2046; x_wconf 88' lang='lat' dir='ltr'>tractentu</span> 
     </span>
     <span class='ocr_line' id='line_1_17' title="bbox 322 2084 1532 2169; baseline 0.001 -23"><span class='ocrx_word' id='word_1_140' title='bbox 322 2087 422 2167; x_wconf 88' lang='lat' dir='ltr'>digna</span> <span class='ocrx_word' id='word_1_141' title='bbox 445 2086 508 2147; x_wconf 89' lang='lat' dir='ltr'>sint</span> <span class='ocrx_word' id='word_1_142' title='bbox 532 2095 564 2147; x_wconf 86' lang='lat' dir='ltr'>et</span> <span class='ocrx_word' id='word_1_143' title='bbox 588 2084 713 2148; x_wconf 86' lang='lat' dir='ltr'>facilius</span> <span class='ocrx_word' id='word_1_144' title='bbox 738 2087 867 2168; x_wconf 90' lang='lat' dir='ltr'>insuper</span> <span class='ocrx_word' id='word_1_145' title='bbox 889 2087 1019 2149; x_wconf 92' lang='lat' dir='ltr'>tractari</span> <span class='ocrx_word' id='word_1_146' title='bbox 1042 2087 1183 2169; x_wconf 88' lang='lat' dir='ltr'>possint,</span> <span class='ocrx_word' id='word_1_147' title='bbox 1212 2087 1367 2167; x_wconf 91' lang='lat' dir='ltr'>quoniam</span> <span class='ocrx_word' id='word_1_148' title='bbox 1391 2087 1432 2147; x_wconf 88' lang='lat' dir='ltr'>de</span> <span class='ocrx_word' id='word_1_149' title='bbox 1456 2085 1532 2147; x_wconf 89' lang='lat' dir='ltr'>labo</span> 
     </span>
     <span class='ocr_line' id='line_1_18' title="bbox 317 2187 1522 2251; baseline 0 -3"><span class='ocrx_word' id='word_1_150' title='bbox 317 2188 406 2250; x_wconf 89' lang='lat' dir='ltr'>ribus</span> <span class='ocrx_word' id='word_1_151' title='bbox 434 2188 559 2250; x_wconf 89' lang='lat' dir='ltr'>Iasonis</span> <span class='ocrx_word' id='word_1_152' title='bbox 594 2197 627 2249; x_wconf 88' lang='lat' dir='ltr'>et</span> <span class='ocrx_word' id='word_1_153' title='bbox 660 2187 796 2250; x_wconf 88' lang='lat' dir='ltr'>coloniis</span> <span class='ocrx_word' id='word_1_154' title='bbox 819 2188 954 2251; x_wconf 90' lang='lat' dir='ltr'>Graecis</span> <span class='ocrx_word' id='word_1_155' title='bbox 988 2189 1030 2250; x_wconf 92' lang='lat' dir='ltr'>ad</span> <span class='ocrx_word' id='word_1_156' title='bbox 1063 2189 1160 2250; x_wconf 89' lang='lat' dir='ltr'>maris</span> <span class='ocrx_word' id='word_1_157' title='bbox 1189 2188 1417 2250; x_wconf 89' lang='lat' dir='ltr'>mediterranei</span> <span class='ocrx_word' id='word_1_158' title='bbox 1449 2187 1522 2249; x_wconf 89' lang='lat' dir='ltr'>litor</span> 
     </span>
     <span class='ocr_line' id='line_1_19' title="bbox 318 2289 1530 2372; baseline -0.002 -19"><span class='ocrx_word' id='word_1_159' title='bbox 318 2292 387 2353; x_wconf 89' lang='lat' dir='ltr'>sitis</span> <span class='ocrx_word' id='word_1_160' title='bbox 410 2291 590 2352; x_wconf 90' lang='lat' dir='ltr'>maximam</span> <span class='ocrx_word' id='word_1_161' title='bbox 613 2298 739 2370; x_wconf 91' lang='lat' dir='ltr'>partem</span> <span class='ocrx_word' id='word_1_162' title='bbox 763 2291 916 2352; x_wconf 86' lang='lat' dir='ltr'>certiores</span> <span class='ocrx_word' id='word_1_163' title='bbox 941 2289 1018 2352; x_wconf 87' lang='lat' dir='ltr'>facti</span> <span class='ocrx_word' id='word_1_164' title='bbox 1042 2311 1153 2352; x_wconf 93' lang='lat' dir='ltr'>sumus</span> <span class='ocrx_word' id='word_1_165' title='bbox 1177 2311 1197 2353; x_wconf 88' lang='lat' dir='ltr'>a</span> <span class='ocrx_word' id='word_1_166' title='bbox 1218 2290 1386 2372; x_wconf 89' lang='lat' dir='ltr'>permultis</span> <span class='ocrx_word' id='word_1_167' title='bbox 1409 2289 1530 2371; x_wconf 89' lang='lat' dir='ltr'>scripto</span> 
     </span>
     <span class='ocr_line' id='line_1_20' title="bbox 317 2391 1505 2474; baseline -0.001 -21"><span class='ocrx_word' id='word_1_168' title='bbox 317 2392 405 2454; x_wconf 85' lang='lat' dir='ltr'>ribus</span> <span class='ocrx_word' id='word_1_169' title='bbox 429 2393 584 2474; x_wconf 87' lang='lat' dir='ltr'>antiquis,</span> <span class='ocrx_word' id='word_1_170' title='bbox 614 2413 679 2474; x_wconf 92' lang='lat' dir='ltr'>quo</span> <span class='ocrx_word' id='word_1_171' title='bbox 707 2391 743 2454; x_wconf 86' lang='lat' dir='ltr'>iit</span> <span class='ocrx_word' id='word_1_172' title='bbox 770 2401 805 2453; x_wconf 93' lang='lat' dir='ltr'>ut</span> <span class='ocrx_word' id='word_1_173' title='bbox 833 2391 917 2454; x_wconf 90' lang='lat' dir='ltr'>hanc</span> <span class='ocrx_word' id='word_1_174' title='bbox 947 2393 989 2454; x_wconf 90' lang='lat' dir='ltr'>de</span> <span class='ocrx_word' id='word_1_175' title='bbox 1017 2391 1219 2473; x_wconf 86' lang='lat' dir='ltr'>Argonautis</span> <span class='ocrx_word' id='word_1_176' title='bbox 1250 2391 1380 2454; x_wconf 88' lang='lat' dir='ltr'>fabulae</span> <span class='ocrx_word' id='word_1_177' title='bbox 1414 2400 1505 2474; x_wconf 88' lang='lat' dir='ltr'>parte</span> 
     </span>
     <span class='ocr_line' id='line_1_21' title="bbox 319 2491 1525 2575; baseline -0.001 -20"><span class='ocrx_word' id='word_1_178' title='bbox 319 2491 509 2575; x_wconf 87' lang='lat' dir='ltr'>exposituro</span> <span class='ocrx_word' id='word_1_179' title='bbox 544 2495 682 2555; x_wconf 89' lang='lat' dir='ltr'>certiora</span> <span class='ocrx_word' id='word_1_180' title='bbox 717 2495 869 2568; x_wconf 89' lang='lat' dir='ltr'>evadant,</span> <span class='ocrx_word' id='word_1_181' title='bbox 904 2495 930 2555; x_wconf 90' lang='lat' dir='ltr'>si</span> <span class='ocrx_word' id='word_1_182' title='bbox 964 2494 1095 2555; x_wconf 88' lang='lat' dir='ltr'>occasio</span> <span class='ocrx_word' id='word_1_183' title='bbox 1130 2494 1259 2556; x_wconf 90' lang='lat' dir='ltr'>dabitur</span> <span class='ocrx_word' id='word_1_184' title='bbox 1291 2495 1462 2567; x_wconf 92' lang='lat' dir='ltr'>tractandi,</span> <span class='ocrx_word' id='word_1_185' title='bbox 1506 2515 1525 2554; x_wconf 95' lang='lat' dir='ltr'>u</span> 
     </span>
     <span class='ocr_line' id='line_1_22' title="bbox 317 2595 823 2678; baseline 0.002 -22"><span class='ocrx_word' id='word_1_186' title='bbox 317 2605 455 2657; x_wconf 89' lang='lat' dir='ltr'>tractem</span> <span class='ocrx_word' id='word_1_187' title='bbox 478 2597 681 2678; x_wconf 91' lang='lat' dir='ltr'>propositum</span> <span class='ocrx_word' id='word_1_188' title='bbox 704 2595 823 2658; x_wconf 85' lang='lat' dir='ltr'>haben.</span> 
     </span>
    </p>
   </div>
   <div class='ocr_carea' id='block_1_5' title="bbox 676 4460 1176 4516">
    <p class='ocr_par' dir='ltr' id='par_1_6' title="bbox 676 4460 1176 4516">
     <span class='ocr_line' id='line_1_23' title="bbox 676 4460 1176 4516; baseline 0 -14"><span class='ocrx_word' id='word_1_189' title='bbox 676 4463 744 4516; x_wconf 75' lang='lat' dir='ltr'>sypu</span> <span class='ocrx_word' id='word_1_190' title='bbox 759 4468 912 4514; x_wconf 72' lang='lat' dir='ltr'>expresserunt</span> <span class='ocrx_word' id='word_1_191' title='bbox 924 4463 1020 4503; x_wconf 74' lang='lat' dir='ltr'>Fieuoke</span> <span class='ocrx_word' id='word_1_192' title='bbox 1033 4461 1051 4500; x_wconf 65' lang='grc' dir='ltr'><strong>ἁ</strong></span> <span class='ocrx_word' id='word_1_193' title='bbox 1064 4460 1176 4503; x_wconf 75' lang='lat' dir='ltr'>Schuchel.</span> 
     </span>
    </p>
   </div>
   <div class='ocr_carea' id='block_1_6' title="bbox 0 0 1538 5296">
    <p class='ocr_par' dir='ltr' id='par_1_7' title="bbox 0 0 1538 5296">
     <span class='ocr_line' id='line_1_24' title="bbox 0 0 1538 5296; baseline 0 0"><span class='ocrx_word' id='word_1_194' title='bbox 0 0 1538 5296; x_wconf 95' lang='lat' dir='ltr'> </span> 
     </span>
    </p>
   </div>
  </div>
 </body>
</html>
