3068 5296
599 470 602 475 1
693 374 861 437 -42-

162 558 386 640 Argonautas
404 561 613 624 statuendum
638 561 766 623 videtur
790 582 863 624 esse
880 583 954 624 eum
971 564 1067 626 istam
1083 575 1196 627 notam
1212 566 1395 628 occasione

161 661 239 723 data
262 663 293 723 in
317 661 550 744 Argonauticis
575 663 743 724 addidisse
768 664 822 725 ubi
846 664 887 725 de
911 663 1033 744 Cyzico
1058 665 1186 729 locutus
1209 668 1259 729 sit.

253 797 358 859 Recte
399 799 494 879 igitur
533 799 645 860 critica
681 799 824 878 quadam
864 809 932 862 arte
971 800 1161 864 Herodorus
1200 823 1277 864 usus
1315 823 1395 866 esse

158 899 246 960 credi
280 898 378 974 solet,
414 900 467 980 qui
497 900 652 981 imprimis
681 898 809 962 fabulas
834 901 875 963 de
898 902 1040 964 Hercule
1079 903 1286 966 circumlatas
1324 916 1395 968 stu-

157 1001 261 1062 duerit
303 1002 348 1063 ita
389 1022 407 1062 a
446 1001 700 1063 commixtorum
747 1002 935 1084 mythorum
975 1014 1083 1066 satura
1125 1025 1319 1086 segregare,
1358 1006 1397 1070 ut

157 1111 342 1183 temporum
376 1104 536 1165 rationem
571 1102 743 1167 adhiberet
784 1102 875 1185 (vide
910 1102 1104 1187 Apollodor.
1128 1106 1150 1181 1,
1185 1125 1215 1186 9.
1255 1125 1301 1187 19.
1343 1107 1394 1191 5);

157 1204 276 1266 deinde
319 1206 510 1267 Herodorus
554 1204 676 1285 primus
721 1206 995 1288 monographiam
1037 1207 1219 1287 mythicam
1262 1218 1298 1270 ut
1346 1210 1397 1272 ita

158 1306 266 1368 dicam
301 1326 500 1388 componere
540 1315 677 1367 conatus
712 1316 762 1368 est
799 1307 984 1370 discrimine
1024 1317 1147 1371 statuto
1182 1309 1264 1373 inter
1298 1311 1395 1392 ipsas

159 1399 288 1469 'fabulas
318 1417 350 1470 et
384 1408 556 1470 historicas
591 1428 641 1469 res
651 1430 657 1486 ;
694 1400 767 1470 cum
792 1411 877 1471 enirn
901 1411 1016 1472 civitas
1050 1431 1200 1493 quaeque
1235 1412 1396 1494 genealo-

157 1509 229 1589 gias
278 1530 354 1571 suas
399 1509 521 1571 habere
566 1510 731 1572 videretur
785 1533 869 1592 quae
918 1513 1114 1576 carminibus
1168 1513 1395 1596 genealogiae

165 1610 327 1691 inscriptis
361 1632 441 1672 mox
476 1621 615 1692 coeptae
649 1622 723 1674 sunt
757 1612 869 1675 litteris
903 1616 1059 1690 mandari,
1093 1616 1159 1678 duo
1192 1617 1397 1680 exstiterunt

156 1733 280 1794 genera
314 1713 432 1793 quibus
461 1715 519 1775 viri
547 1713 635 1774 docti
668 1723 700 1775 et
724 1715 835 1777 critica
857 1717 1000 1796 quadam
1024 1717 1134 1779 indole
1157 1718 1298 1799 praediti
1325 1741 1394 1782 rne-

76 1864 80 1869 .
157 1815 266 1877 delam
297 1815 425 1877 adferre
454 1816 662 1877 studuerunt:
698 1825 752 1877 aut
786 1818 847 1898 ipsi
882 1830 1135 1900 composuerunt
1169 1821 1393 1905 genealogias

161 1916 274 1980 electis
309 1919 355 1979 eis
390 1917 509 1980 fabulis
545 1937 627 1997 quas
662 1916 782 1980 licebat
816 1920 1013 2001 coniungere
1043 1921 1136 1984 salva
1164 1925 1394 1988 concinnitate

156 2031 356 2101 servatoque
391 2040 521 2081 conexu
557 2029 589 2081 et
624 2029 780 2099 quantum
815 2019 882 2082 fieri
911 2023 1016 2102 potuit
1045 2026 1263 2088 controversis
1285 2026 1393 2089 rebus

153 2123 304 2199 omissis;
330 2123 412 2183 inter
435 2121 537 2183 hosce
560 2122 683 2202 primus
701 2121 759 2184 suit
775 2121 962 2185 Hecataeus
979 2123 1035 2186 cfr.
1052 2125 1185 2187 Demet.
1203 2127 1245 2188 de
1264 2127 1392 2191 elocut.

156 2228 176 2303 ξ
195 2241 241 2298 12,
266 2224 320 2285 ubi
337 2225 437 2306 ipsius
454 2223 614 2286 Hecataei
637 2223 739 2285 verba
762 2234 892 2287 servata
909 2235 983 2287 sunt
999 2226 1069 2306 (cfr.
1087 2226 1235 2290 Mueller.
1249 2229 1391 2311 Fragm.

153 2325 268 2388 histor.
295 2326 348 2388 Gr.
373 2326 394 2400 1,
418 2348 448 2407 p.
475 2326 546 2408 25):
570 2315 656 2386 τάδε
678 2317 816 2407 γράφω,
839 2315 885 2394 ὥς
907 2349 963 2399 μοι
984 2314 1124 2408 α’ληὲλέα
1148 2324 1257 2390 δοκέει
1279 2328 1387 2392 εἶναι.

153 2428 185 2489 oi
205 2413 281 2507 γὰρ
301 2416 487 2505 Ἑλλήνων
510 2415 610 2505 λόγοι
632 2426 760 2488 πολλοί
780 2449 814 2488 τε
837 2425 896 2489 nul
911 2431 1049 2507 γελοῖοι,
1073 2419 1120 2497 ὠς
1136 2428 1209 2512 ἐμοὶ
1232 2429 1388 2512 φαίνον-

151 2550 224 2605 ται,
248 2527 348 2606 eloim
391 2539 446 2591 aut
469 2529 727 2610 monographias
761 2530 925 2611 mythicas
959 2533 1157 2614 scripserunt
1191 2532 1282 2596 velut
1315 2535 1387 2599 He·

155 2631 297 2706 racleas,
322 2651 459 2711 quorum
484 2631 606 2712 primus
630 2641 681 2693 est
704 2631 902 2693 Herodorus.

139 2747 143 2764 ¹
225 2768 313 2829 Tota
327 2767 424 2848 igitur
436 2767 600 2848 expositio
613 2788 712 2849 quam
725 2768 884 2849 praebent
897 2767 1124 2831 etHerodorus
1140 2779 1172 2831 et
1181 2768 1394 2852 Apollonius

155 2870 275 2951 aliique
299 2870 341 2930 de
365 2868 561 2950 Gigantibus
584 2870 714 2950 poetice
737 2867 814 2931 ficta
837 2879 900 2946 est;
926 2878 959 2930 et
974 2869 1143 2931 Deiochus
1161 2872 1216 2952 qui
1239 2892 1394 2937 comme-

151 2956 295 3033 moratur
332 2980 465 3053 propter
498 2970 654 3051 scriptum
685 2968 761 3047 περὶ
798 2969 952 3040 Κυζίκου
986 2972 1065 3051 quid
1100 2971 1141 3032 de
1176 2971 1227 3034 his
1263 2973 1394 3038 dixerit

152 3072 259 3134 elucet
283 3093 300 3132 e
329 3070 432 3133 schol.
457 3073 498 3132 ad
522 3070 677 3152 Apollon.
704 3071 726 3146 l,
751 3074 811 3152 987
838 3082 870 3134 et
892 3074 970 3151 989:
995 3070 1168 3150 Δηλλοχος
1185 3062 1394 3144 Θετταλοὺς

149 3170 241 3233 εἶναί
272 3183 357 3253 φησι
390 3164 717 3251 ἑγχειρογάστορας.
765 3171 916 3234 Ceterum
946 3174 1056 3235 omnia
1094 3173 1250 3255 Cyziceni
1273 3196 1393 3240 serva·
1447 3244 1452 3251 ,

152 3284 267 3337 verunt
292 3274 405 3336 relicta
428 3275 608 3335 secundum
632 3273 783 3354 mythum
809 3295 851 3335 ex
868 3275 1135 3356 Argonautarum
1160 3278 1393 3359 expeditione,

150 3385 182 3438 ct
208 3376 334 3458 templa
358 3386 390 3438 et
414 3396 501 3453 aras;
533 3377 574 3436 de
601 3375 693 3436 hisce
717 3384 749 3436 et
773 3376 814 3437 de
830 3377 947 3437 ceteris
970 3377 1118 3458 vestigiis
1142 3377 1274 3440 fabulae
1298 3402 1394 3463 quae

150 3478 384 3540 recentioribus
408 3477 612 3559 temporibus
643 3477 764 3559 ubique
788 3476 944 3557 indagata
972 3488 1047 3539 sunt
1074 3479 1199 3559 optime
1229 3480 1393 3545 disseruit

152 3581 272 3654 Grote,
299 3580 340 3640 de
364 3578 439 3640 hist.
464 3579 517 3641 Gr.
541 3579 563 3654 l,
590 3595 645 3656 241
673 3599 756 3659 sqq.,
781 3598 878 3658 quem
902 3577 994 3660 plura
1017 3580 1058 3640 de
1091 3579 1223 3661 templis
1251 3581 1295 3643 ab
1327 3583 1393 3646 Ar·

149 3682 301 3763 gonautis
325 3680 367 3741 ad
397 3679 555 3761 Cyzicum
588 3678 769 3741 aedificatis
794 3680 998 3760 quaesiturus
1022 3681 1185 3762 inspiciat;
1210 3691 1392 3762 praeterea

148 3782 335 3845 conferatur
368 3781 539 3843 Neantlres
564 3781 747 3862 Cyzicenus
780 3802 830 3862 ap.
856 3780 962 3842 Strab.
987 3781 1009 3856 Ι,
1032 3796 1082 3861 45.
1099 3780 1120 3867 Ι)

231 3917 378 3998 Imagine
402 3916 546 3996 quadam
573 3916 644 3997 (cfr.
671 3916 828 3980 Gerhard.
853 3937 940 3978 mon.
968 3916 1019 3992 ΙΙΙ,
1048 3914 1101 3999 27)
1131 3918 1297 3983 adventus
1323 3922 1390 3986 Ar·

148 4027 365 4098 gonautarurn
389 4018 431 4079 ad
461 4017 617 4098 Cyzicum
643 4018 833 4080 illustratur:
858 4017 1017 4080 Hercules
1038 4019 1214 4082 adiuvante
1229 4019 1391 4090 Minerva

147 4118 304 4200 (Iasonia)
339 4139 458 4181 ancora
500 4129 642 4182 armatus
672 4129 796 4201 pugnat
834 4130 947 4181 contra
975 4120 1131 4200 Cyzicum
1169 4141 1285 4204 regem
1325 4126 1390 4208 (de

146 4239 212 4298 quo
246 4221 320 4282 vide
349 4221 463 4282 Millini
504 4222 685 4302 imaginum
720 4219 858 4300 mythol.
887 4220 953 4282 tab.
982 4219 1066 4283 CVI.
1096 4220 1182 4300 421).
1221 4222 1387 4291 Ceterum

166 4356 196 4361 —..
212 4356 353 4365 —--—.—..-

216 4435 234 4500 ¹)
253 4436 303 4484 Cir.
323 4439 426 4486 Cerlren.
446 4457 470 4502 p.
494 4454 547 4500 119.
