3600 5324
950 360 1119 424 -32..

424 552 544 613 loniam
567 549 767 612 Phoenicum
791 548 1017 630 antiquissimo
1042 549 1105 610 iam
1128 559 1277 632 tempore
1307 549 1408 611 luisse
1435 558 1582 621 constet,
1606 547 1649 609 de

426 674 492 734 qua
514 653 591 713 vide
613 672 698 733 quae
716 651 930 732 sagacissime
946 651 1107 732 disposuit
1125 650 1263 713 Brandis
1280 652 1310 713 in
1326 651 1438 713 Herm.
1450 650 1488 724 ll,
1503 665 1565 729 259
1576 670 1649 731 sqq.

426 753 494 815 Sed
517 754 701 815 cavendum
725 762 775 814 est
799 772 840 813 ne
862 751 1098 813 concludamus
1121 771 1195 812 cum
1219 772 1284 814 non
1308 753 1350 814 de
1371 752 1492 814 Medea
1513 751 1649 833 quidem

426 854 485 916 sed
509 856 552 916 de
575 855 684 916 Aeeta
707 864 800 935 patre
815 853 956 915 Medeae
980 864 1113 914 exstent
1135 854 1325 915 testimonia
1340 854 1473 934 originis
1486 853 1648 919 Graecae:

425 956 685 1037 antiquissimum
703 954 832 1016 Eumeli
854 955 1078 1016 testimonium
1102 965 1152 1015 est
1177 953 1257 1026 (srz
1279 956 1357 1017 edit.
1373 953 1649 1035 Markschellel.):

578 1043 659 1116 ἄλλ’
684 1044 739 1117 ὅτε
762 1042 792 1116 δ’
817 1048 944 1131 Αἰήτης
966 1054 1026 1115 καὶ
1049 1043 1205 1122 Ἀλωεύς
1227 1052 1432 1135 ἐξεγένοντο

575 1145 717 1220 ’Πελίου
739 1178 774 1219 τε
797 1156 856 1219 καὶ
878 1145 1081 1231 Ἀντιόπης,
1106 1148 1184 1218 τότε
1207 1144 1237 1217 δ’
1261 1148 1393 1235 ἄνδιχα
1415 1146 1539 1235 χώρην

579 1251 740 1322 δάσσατο
763 1259 884 1321 παισὶν
906 1256 972 1327 εὀῐς
993 1247 1193 1336 Ὑπερίονος
1215 1244 1353 1338 α’γλαός
1375 1250 1470 1325 υἱός·

579 1350 623 1432 ἣν
642 1358 709 1442 μὲν
731 1348 779 1439 ἔχ’
803 1347 972 1435 Ἀσωπὸς,
995 1354 1132 1439 ταύτην
1154 1351 1239 1439 πόρε
1263 1360 1329 1444 δίῳ
1350 1347 1476 1422 Ἀλωεῖ

579 1452 623 1541 ήν
646 1451 676 1524 δ’
700 1451 842 1544 Ἐφύρη
864 1451 1036 1525 κτεάτισσ’
1062 1457 1172 1545 Αἰήτῃ
1195 1463 1308 1525 δῶκεν
1330 1452 1487 1526 ἅπασαν.

584 1561 712 1644 Αἰήτης
734 1553 764 1626 δ’
788 1553 837 1644 ἆῤ
861 1554 952 1628 ἕκών
975 1559 1100 1650 Βούνῳ
1127 1562 1307 1643 παρέδωκε
1331 1558 1539 1647 φυλάσσειν,

582 1661 718 1731 εἰσόκεν
741 1655 849 1737 αύτίις
871 1657 970 1730 ἵκοιτ’
995 1657 1018 1745 r}
1040 1667 1081 1735 ἐξ
1107 1656 1234 1729 αύτοῖό
1257 1688 1304 1736 τις
1327 1657 1435 1736 ἄλλος

584 1761 606 1848 ή
628 1777 708 1840 παῖς
731 1760 752 1845 ή
775 1761 918 1840 υἱωνός.
943 1760 961 1832 ὁ
985 1761 1015 1831 δ’
1039 1762 1151 1855 ᾤχετο
1176 1769 1334 1848 Κολχίδα
1355 1775 1478 1849 γαῖαν.

512 1874 546 1935 In
570 1874 773 1955 lipimenidis
797 1877 941 1936 carmine
964 1874 1139 1935 subditicio
1161 1873 1317 1951 Ἀργοῦς
1332 1871 1512 1952 ναυπηγία
1534 1892 1570 1933 τε
1593 1869 1654 1932 καὶ

431 1961 593 2041 ’ίοίσονος
615 1974 661 2042 εἰς
676 1968 835 2053 Κόλχους
851 1962 1032 2041 ᾰπόπλους
1050 1976 1204 2056 inscripto
1217 1975 1333 2036 similia
1344 1976 1464 2037 tradita
1475 1986 1579 2037 erant:
1597 1974 1656 2037 csr.

430 2077 532 2138 schol.
550 2077 593 2138 ad
610 2077 765 2158 Apollon.
779 2078 888 2140 Rhod.
902 2077 953 2151 Ill,
974 2094 1048 2155 242:
1071 2062 1287 2156 Ἐπιμενίδης
1303 2073 1341 2136 δέ
1361 2088 1446 2157 φησι
1464 2075 1656 2152 Κορίνθιον

429 2179 479 2261 τῷ
499 2174 592 2257 γένει
615 2164 677 2239 τὸν
701 2171 847 2257 Αἰήτην,
867 2175 1002 2258 μητέρα
1026 2177 1063 2240 δὲ
1087 2165 1202 2240 αύτού
1225 2166 1391 2259 Ἐφύραν
1415 2176 1510 2256 φησί.
1556 2178 1657 2240 Deni-

428 2302 492 2362 que
516 2280 726 2362 Diophantus
749 2283 930 2344 secundum
954 2281 1057 2342 schol.
1082 2282 1124 2342 ad
1147 2281 1304 2362 Apollon.
1323 2280 1375 2354 III,
1400 2297 1461 2358 242
1478 2291 1511 2341 et
1526 2279 1654 2342 Eudoc.

427 2402 458 2462 p.
484 2397 519 2459 31
549 2380 776 2464 (edVillois.)
801 2404 950 2463 —quae
984 2404 1027 2444 ex
1061 2382 1188 2444 scholio
1224 2382 1278 2444 illo
1312 2383 1506 2463 corrigenda
1539 2391 1590 2443 est
1611 2418 1657 2425 —

428 2481 598 2563 Antiopen
622 2493 759 2545 matrem
783 2485 912 2546 Aeetae
936 2486 1185 2546 nominaverunt
1207 2481 1259 2551 ίὲν
1281 2483 1322 2564 τῇ
1338 2485 1365 2544 α
1384 2485 1455 2544 τών
1474 2484 1657 2544 Ποντικῶν

429 2581 617 2659 ἱστοριῶν),
641 2585 781 2646 eandem
805 2585 973 2669 Antiopen
997 2596 1032 2648 ut
1060 2588 1189 2649 videtur
1222 2608 1260 2648 ac
1283 2597 1420 2649 matrem
1444 2586 1570 2661 Boeoti,
1595 2587 1653 2648 cfr.

429 2683 551 2765 Hygin.
576 2684 596 2746 l.
626 2700 682 2765 157
709 2685 872 2765 (editionis
895 2689 939 2749 M.
958 2688 1120 2751 Schmidt.
1145 2705 1239 2769 p.13,
1260 2688 1320 2770 13).
1366 2689 1458 2750 Haec
1482 2689 1593 2749 omnia
1610 2689 1654 2749 ad

428 2784 619 2847 Corinthum
654 2798 804 2869 spectant
839 2790 894 2850 ubi
928 2789 1039 2852 sabula
1072 2790 1114 2851 de
1142 2790 1263 2852 Medea
1295 2789 1507 2871 principalem
1543 2789 1654 2850 locum

429 2887 589 2963 habebat,
619 2891 677 2951 sed
707 2899 775 2952 arte
809 2912 937 2953 conexa
971 2912 1045 2953 eum
1069 2891 1157 2953 cultu
1179 2891 1319 2952 lunonis.
1342 2891 1395 2952 De
1419 2891 1483 2952 alio
1506 2891 1654 2972 quodam

429 2989 518 3050 cultu
553 2989 691 3073 legimus
727 2993 769 3054 in
792 2993 895 3054 schol.
920 2993 962 3054 ad
985 2993 1111 3054 Pindar.
1137 2992 1189 3054 Ol.
1214 2993 1300 3066 Xlll,
1325 3008 1378 3073 74:
1416 2990 1573 3069 Μηδείας
1599 2988 1656 3072 μέ-

426 3110 556 3166 μνηται
584 3079 636 3152 ὅτι
664 3091 701 3154 ἑν
728 3092 891 3177 Κορίνθῳ
918 3083 1067 3176 κατῴκει
1094 3092 1155 3154 καὶ
1178 3089 1307 3155 ἔπαυσε
1333 3093 1540 3170 Κορινθίους
1562 3096 1655 3177 λιμῷ

429 3190 682 3271 κατεχομένους
704 3188 853 3257 θύσασα
875 3194 1034 3274 Δήμητρι
1067 3194 1126 3255 καὶ
1153 3188 1308 3277 νύμφαις
1330 3194 1512 3275 Λημνίαις,
1538 3196 1592 3256 ubi
1621 3206 1656 3259 et

430 3314 504 3354 cum
529 3293 645 3357 Cerere
663 3308 695 3359 et
719 3318 792 3358 eum
816 3297 971 3379 nymphis
994 3298 1139 3359 Lemniis
1163 3300 1337 3360 coniuncta
1360 3308 1426 3376 est3
1451 3319 1655 3379 quamquam

430 3415 508 3457 vero
532 3399 644 3459 unicus
668 3398 721 3459 hic
745 3399 836 3460 locus
860 3410 909 3462 est
934 3421 977 3460 ex
1001 3421 1066 3481 quo
1090 3400 1231 3462 Medeae
1250 3400 1408 3463 sacrificia
1425 3401 1466 3462 ad
1491 3401 1655 3463 Lemnum

430 3511 600 3583 spectasse
628 3501 838 3582 intellegitur,
863 3511 973 3563 tamen
997 3503 1130 3563 minime
1162 3512 1212 3564 est
1235 3503 1471 3584 repudiandus,
1501 3523 1574 3563 cum
1599 3505 1656 3584 qui

365 3609 369 3616 ’
430 3602 556 3665 Thebis
579 3614 611 3664 et
634 3602 780 3673 Corinthi
810 3603 987 3666 exstabant
1010 3604 1116 3666 cultus
1140 3603 1366 3678 cohaererent,
1391 3603 1518 3666 Thebis
1543 3613 1655 3666 autem

431 3702 582 3766 Cererem
605 3703 726 3766 cultam
761 3726 835 3766 esse
858 3714 1001 3781 constet;
1037 3707 1192 3787 quoniam
1224 3704 1343 3766 deinde
1372 3704 1499 3767 Thebis
1528 3704 1656 3778 Cabiris

430 3825 561 3886 quoque
579 3805 737 3867 sacrificia
753 3806 864 3869 oblata
881 3816 956 3869 suut
980 3827 1045 3868 non
1069 3808 1184 3867 mirum
1206 3826 1279 3866 esse
1302 3806 1431 3868 videtur
1453 3807 1542 3887 quod
1566 3805 1656 3867 idem
1707 3800 1711 3805 ’

430 3906 576 3970 Corinthi
592 3909 744 3984 occurrit;
761 3907 817 3970 cfr.
835 3908 962 3970 Curtius
979 3909 1021 3970 de
1037 3907 1192 3989 Pelopon.
1205 3907 1242 3982 11,
1262 3921 1323 3986 514
1338 3929 1408 3989 sqq.
1445 3907 1502 3969 Ad
1518 3906 1655 3969 Thebas

379 4044 382 4050 ·
430 4010 516 4070 enim
542 4008 632 4071 lucus
657 4010 782 4072 Cereris
811 4022 843 4073 et
866 4010 1078 4092 Proserpinae
1102 4008 1266 4082 Cabiriae,
1302 4019 1472 4090 praeterea
1494 4008 1655 4090 templum

431 4112 573 4192 ipsorum
597 4110 787 4174 Cabirorum
811 4122 902 4174 eraut
921 4122 953 4173 et
968 4109 1107 4172 Thebae
1130 4111 1323 4172 dicebantur
1344 4110 1557 4192 Proserpinae
1581 4111 1655 4174 loco

431 4198 755 4291 ύνακαλυπτηρίιον
784 4234 803 4274 a
830 4213 907 4275 love
938 4213 1025 4274 dono
1048 4213 1146 4274 datae
1170 4233 1253 4274 esse.
1305 4212 1432 4292 Quibus
1461 4213 1558 4274 rebus
1586 4235 1656 4294 per-

431 4315 565 4397 spicitur
597 4315 752 4378 Medeam
789 4311 968 4410 ιθύσασαν
1004 4303 1164 4394 Δήμητρι
1196 4311 1256 4375 καὶ
1289 4305 1444 4396 νύμφαις
1477 4313 1655 4394 Λημνίαις

431 4415 683 4478 adtribuendam
707 4437 781 4478 esse
804 4417 934 4497 Minyis.
1481 4437 1483 4441 ·
