3068 5296
747 381 916 442 ,62-

216 567 376 640 diderunt,
401 587 475 629 cum
500 567 530 627 in
546 566 684 629 Boeotia
699 565 900 628 Bacchicum
916 564 1038 664 cultum
1056 566 1155 628 fuisse
1171 576 1300 648 praeter
1314 565 1440 648 templa

215 667 378 750 Euripidis
401 668 585 730 Bacchides
610 687 741 749 quoque
766 666 946 728 adfirment.

298 769 366 831 lam
391 790 475 851 quae
499 778 676 851 sequantur
697 769 869 829 videamus
896 767 1062 849 (Apollon.
1086 768 1123 842 II,
1147 767 1237 852 936):

368 884 435 947 Καί
458 872 501 965 δὴ
528 884 739 964 Παρθενίοιο
763 874 850 962 ῥοάς
872 873 1125 980 ἁλιμυρήεντος

365 977 573 1068 πρηυτάτου
595 980 757 1067 ποταροῦ
778 983 1023 1067 παρεμέτρεον,
1047 981 1075 1070 qi
1099 983 1149 1048 ἔνι
1170 981 1283 1065 κου’ρη

365 1088 513 1168 Λητωίς,
536 1080 700 1169 ἄγρηθεν
722 1076 772 1149 lv>
796 1075 955 1166 οὐρανὸν
977 1087 1212 1170 εἰσαναβαίνῃ

365 1292 465 1355 νυκτί
489 1280 519 1353 δ’
543 1281 641 1354 ἔπειτ’
665 1284 844 1372 ἄλληκτον
867 1279 1118 1370 ἐπιπροτέρωσε
1140 1289 1280 1360 θέοντες

366 1385 537 1473 Σήσαμον
560 1394 638 1456 αι’πε
653 1386 736 1461 vods
759 1416 794 1456 τε
817 1383 1060 1472 παρεξενέοντ’
1085 1383 1308 1469 Ἐρυθίνους,

368 1495 592 1576 Κρωβίαλον,
618 1488 797 1580 Κρῷρνάν
819 1516 855 1557 τε
878 1493 937 1557 καί
961 1484 1116 1574 ὑλήεντα
1141 1490 1322 1574 Κύτωρον.

364 1593 468 1659 ἔνθεν
491 1600 522 1658 6²
544 1581 630 1660 αὖτε
655 1591 846 1678 Κάραμβιν
868 1587 928 1678 ἅμ’
951 1585 1077 1675 ἠελίοιο
1100 1599 1250 1680 βολῇσιν

362 1689 588 1779 γνάμψαντες
609 1686 707 1777 παρὰ
731 1686 870 1762 πουλὺν
892 1695 991 1761 ἔπειτ)
1014 1691 1175 1777 ἤλαυνον
1197 1687 1350 1780 ε’ρετροῖς

365 1787 537 1880 Αἰγιαλὸν
559 1791 705 1877 πρόπαν
727 1785 824 1880 ἦμαρ
850 1790 941 1880 ὁρῶς
963 1800 1022 1863 καί
1044 1789 1093 1864 ἔπ’
1118 1792 1223 1881 ἤματι
1244 1792 1371 1864 νύκτα.

362 1890 493 1964 αὐτίκα
515 1905 546 1963 ‹l’
569 1891 756 1981 Ἀσσυρίης
779 1893 914 1982 ἐπέβαν
935 1890 1067 1983 χθονὸς
1089 1900 1181 1964 ἔνθα
1205 1898 1374 1982 Σινώπην

365 1999 537 2083 θυγατέρ)
559 1992 732 2068 Ἀσωποῖο
754 2006 954 2070 καθίσσατο
976 2004 1039 2068 καί
1060 2006 1093 2067 οἱ
1118 1995 1271 2067 ἔλασσεν

364 2104 561 2184 παρθενίην
584 2100 677 2181 Ζεύς,
701 2129 729 2170 e.
753 2131 783 2189 q.
808 2131 833 2171 s.

296 2225 639 2288 Animadvertendum
662 2237 712 2289 est
728 2226 781 2288 hic
798 2228 936 2308 primum
953 2247 1121 2289 occurrere
1135 2228 1166 2288 in
1180 2228 1285 2288 Ponto
1301 2226 1434 2288 Euxino

212 2326 340 2387 urbium
364 2325 504 2398 nomina,
529 2327 588 2388 sed
612 2328 657 2390 ita
679 2337 714 2390 ut
737 2326 860 2410 Sinope
882 2331 1027 2390 nondum
1052 2328 1184 2390 condita
1200 2337 1320 2401 exstet,
1337 2328 1434 2388 simili

211 2427 355 2508 quodam
389 2426 491 2487 modo
525 2436 559 2488 ut
594 2429 636 2490 ad
659 2430 893 2510 Propontidem
923 2430 965 2491 de
988 2429 1111 2510 Cyzico
1139 2430 1280 2491 vidimus
1304 2440 1337 2490 et
1360 2428 1436 2495 Cio:

211 2527 329 2608 quibus
353 2527 379 2588 si
395 2526 648 2609 Themiscyram
672 2529 767 2591 addis
791 2531 901 2591 omnia
924 2529 1029 2591 habes
1052 2530 1175 2611 oppida
1196 2530 1239 2591 ab
1255 2530 1436 2612 Apollonio

212 2630 242 2691 in
266 2630 359 2691 litore
382 2649 485 2710 usque
509 2629 551 2690 ad
574 2628 694 2690 Phasin
718 2632 900 2706 nominata;
925 2641 962 2692 et
981 2631 1064 2692 inter
1084 2630 1233 2711 Pityeam
1260 2631 1293 2706 (Ι,
1309 2632 1382 2711 933)
1403 2643 1438 2694 et

211 2729 388 2793 Sesamum
412 2729 499 2792 nulla
523 2730 600 2792 urbs
623 2741 759 2793 vocatur
781 2741 923 2812 excepta
940 2732 1079 2794 fortasse
1094 2731 1261 2792 Adrastea
1280 2731 1313 2807 (l,
1330 2732 1437 2812 1116),

211 2852 296 2912 quae
318 2842 429 2892 tamen
454 2831 497 2892 ad
513 2831 761 2912 expeditionem
784 2833 889 2914 ipsam
906 2854 970 2894 non
989 2833 1137 2914 pertinet,
1162 2832 1244 2893 inter
1259 2830 1437 2893 Sesamum

211 2943 245 2995 et
266 2931 386 2994 Phasin
409 2952 486 2994 sex:
511 2930 685 3003 Sesamus,
708 2932 874 3013 Erythini,
898 2932 1083 3007 Crobialon,
1107 2932 1258 3004 Cromna,
1282 2931 1437 3012 Cttorus,

210 3032 429 3113 Themiscyra
455 3032 498 3112 (in
514 3032 627 3094 Phinei
650 3035 807 3105 oratione,
831 3033 867 3107 ll,
886 3033 1349 3115 343—401Apollon.urbes
1370 3054 1438 3095 non

211 3134 396 3213 adduntur).
448 3133 567 3214 Liquet
602 3155 645 3195 ex
679 3134 729 3196 his
758 3134 915 3214 Cyzicum
949 3147 982 3197 et
1011 3135 1105 3198 Cium
1128 3145 1162 3196 et
1184 3133 1330 3216 Sinopen
1361 3156 1438 3197 esse

210 3235 304 3315 quasi
337 3234 525 3296 mansiones
554 3234 685 3297 fabulae
719 3236 751 3295 in
785 3236 907 3297 itinere.
960 3237 1082 3316 Nequit
1115 3245 1226 3297 autem
1260 3238 1358 3298 statui
1393 3239 1437 3298 dc

208 3347 358 3417 tempore
381 3335 514 3416 quando
529 3337 669 3416 primum
685 3335 809 3418 Sinope
831 3338 964 3399 condita
980 3340 1030 3409 sit,
1053 3358 1128 3399 cum
1144 3348 1220 3399 ante
1232 3337 1436 3400 Milesiorum

209 3439 389 3500 adventum
423 3448 457 3499 et
490 3437 604 3500 urbem
627 3438 691 3499 iam
721 3439 933 3500 constitutam
956 3439 1056 3500 luisse
1078 3450 1111 3500 ct
1134 3439 1279 3501 Graecos
1301 3461 1437 3522 quoque

208 3550 284 3600 ante
307 3559 365 3600 eos
387 3540 430 3601 ad
454 3538 543 3601 illam
570 3560 662 3601 oram
692 3540 866 3621 adpulsum
890 3539 1008 3601 iecisse
1038 3540 1176 3620 liqueat,
1206 3561 1291 3620 quae
1320 3562 1364 3602 ex
1394 3564 1437 3604 eo

209 3660 341 3720 quoque
364 3639 596 3720 intelleguntur
610 3642 700 3720 quod
724 3641 824 3721 ipsius
847 3641 936 3702 urbis
952 3640 1092 3722 Sinopes
1108 3650 1225 3722 postea
1241 3642 1438 3706 dicebantur

210 3740 425 3821 Argonautae
449 3741 550 3803 luisse
582 3741 787 3805 fundatores:
803 3742 822 3822 ²)
857 3743 916 3803 sed
952 3743 1038 3805 idem
1068 3743 1110 3803 de
1133 3741 1273 3804 Sesamo
1301 3744 1437 3807 circum-

210 3839 416 3921 ferebatur.‘³l
463 3842 607 3903 Tantum
637 3853 746 3904 autem
777 3843 819 3904 de
842 3842 966 3925 Sinope
994 3845 1123 3905 ridetur
1150 3844 1327 3905 dicendum
1350 3866 1436 3913 esse.

208 3962 282 4004 eam
306 3952 382 4004 ante
404 3941 457 4004 Ol.
482 3943 514 4003 X
536 3945 703 4006 conditam
734 3965 824 4011 esse.
860 3944 912 4005 rel
946 3958 980 4005 ut
1009 3945 1190 4005 accuratius
1221 3943 1336 4025 loquar
1357 3958 1436 4010 ante

209 4043 273 4104 hoe
296 4053 427 4126 tempus
450 4045 589 4125 primum
613 4045 759 4107 Graecos
781 4045 846 4106 huc
869 4047 1000 4107 venisse
1023 4055 1056 4105 et
1079 4044 1161 4105 inter
1183 4044 1265 4105 alios
1287 4045 1435 4109 Boeotos

209 4165 355 4226 qnoque:
389 4145 446 4206 csr.
472 4144 512 4208 Ο.
537 4145 683 4208 Mueller.
707 4145 807 4209 Orch.
832 4168 863 4228 p.
888 4162 947 4224 293
971 4169 1020 4227 sq
1064 4144 1107 4207 Et
1140 4165 1255 4207 revera
1287 4149 1434 4226 quodam

280 4345 299 4401 ¹)
326 4345 375 4392 Cir.
398 4347 478 4393 Strab,
498 4346 552 4394 ΧΗ,
572 4345 633 4407 516.
661 4345 806 4408 ᾹροΙΙοιίοτ.
826 4346 844 4395 l.
863 4359 886 4405 u
909 4347 945 4394 16.
974 4349 1081 4412 Appiam
1105 4349 1130 4395 iu
1149 4348 1258 4395 llirhrnl.
1277 4347 1323 4410 83.
1350 4351 1433 4398 l'aler.

207 4427 289 4477 flate.
311 4429 341 4479 λ’.
357 4426 404 4475 108
422 4444 476 4493 sqq.
512 4427 533 4484 ²)
551 4429 602 4477 t'lr.
621 4430 714 4492 llygin.
734 4429 750 4476 l.
772 4441 801 4487 14
821 4431 939 4495 Stephnn.
958 4433 1017 4495 Byr.
1035 4448 1054 4478 5
1073 4449 1096 4478 r.
