3600 5324
964 366 1133 429 ..40-

435 557 491 630 lV,
517 572 573 637 771
607 565 639 618 et
662 555 832 636 Mythogr.
856 554 878 630 Ι,
907 569 978 633 133:
1015 552 1210 636 ιΗγρείργΙο
1245 573 1289 614 ex
1323 551 1439 614 Iasone
1472 548 1556 612 filios
1591 569 1661 631 pro·

436 658 560 720 creavit
581 658 732 719 Euneum
756 667 789 720 et
810 655 1019 738 Thoantem’)
1046 655 1101 718 cfr.
1128 655 1204 717 ibid.
1228 655 1250 730 Ι,
1278 671 1351 734 199:
1377 653 1554 735 ‘Iasonides
1577 649 1661 712 filius

436 759 560 821 lasonis
591 768 624 821 et
650 759 871 841 Hypsipyles;
906 759 960 839 qui
995 757 1132 820 alterum
1167 756 1289 819 habere
1323 765 1505 818 maternum
1539 772 1661 814 nomen

437 861 544 934 fertur,
580 861 611 922 id
642 870 692 923 est
719 859 843 933 Thoas,
878 859 954 940 quia
983 869 1087 921 mater
1122 859 1190 920 eius
1219 855 1284 918 filia
1319 855 1481 918 Thoantis
1515 864 1593 927 erat,
1629 862 1662 915 et

437 961 573 1024 alterum
602 960 782 1024 vocabatur
810 982 829 1023 a
855 968 947 1041 patre
975 960 1167 1040 navigatore
1195 957 1327 1020 Euneus
1361 958 1436 1037 quia
1464 938 1504 1017 εὖ
1533 955 1661 1017 Graece

437 1064 553 1125 dicitur
575 1063 673 1138 bene,
708 1063 794 1140 νηῦς
817 1061 933 1123 dicitur
955 1061 1064 1135 navis;
1099 1059 1232 1121 Euneus
1254 1059 1348 1141 quasi
1371 1057 1455 1120 bene
1479 1054 1659 1137 navigans’

435 1165 621 1227 Bacchicae
646 1175 756 1227 autem
780 1161 911 1226 tabulae
943 1163 973 1222 in
997 1161 1113 1242 mytho
1142 1161 1184 1222 de
1206 1161 1323 1223 Iasone
1346 1162 1410 1222 iam
1433 1160 1520 1241 apud
1543 1157 1661 1220 Phere-

440 1267 561 1348 cydem
585 1276 619 1329 et
642 1265 847 1329 Simonidem
871 1263 1013 1344 vestigia
1036 1264 1182 1344 indagari
1199 1272 1345 1345 possunt,
1370 1261 1425 1324 cfr.
1443 1260 1552 1342 Eurip.
1570 1260 1659 1322 Med.

437 1389 519 1448 arg:
539 1357 732 1445 Φερεκύδης
753 1364 813 1428 καὶ
830 1363 1023 1444 Σιμωνίδης
1047 1362 1158 1446 φασὶν
1181 1352 1228 1432 ὠς
1250 1351 1271 1442 ἡ
1289 1355 1427 1440 Μήδεια
1450 1348 1661 1439 desudanda

435 1466 498 1530 τόν
534 1456 680 1532 Ἰάσονα
711 1465 791 1530 νέον
829 1459 984 1546 ποιήσειε.
999 1466 1017 1549 ¹)
1059 1467 1254 1529 Accuratius
1293 1476 1401 1528 autem
1444 1464 1507 1526 hac
1546 1465 1587 1526 de
1627 1486 1660 1526 re

437 1592 593 1652 quaerere
620 1592 697 1634 num
732 1592 844 1633 revera
871 1569 997 1632 Thebis
1024 1570 1222 1651 quandoque
1256 1577 1326 1630 orta
1360 1569 1415 1643 sit,
1440 1568 1508 1629 eius
1523 1558 1583 1628 'est
1605 1567 1661 1648 qui

437 1673 479 1735 de
512 1673 609 1734 rebus
644 1684 721 1755 post
751 1674 890 1735 reditum
925 1672 1086 1733 alasone
1112 1670 1299 1752 Medeaque
1339 1671 1441 1751 gestis
1480 1669 1660 1750 disquirere

435 1773 522 1836 velit.
580 1773 647 1838 Sed
692 1776 723 1837 in
757 1774 868 1836 fabula
910 1774 951 1835 de
984 1772 1171 1855 Hypsipyle
1211 1773 1282 1854 ipsa
1316 1782 1348 1834 et
1381 1781 1472 1853 patre
1505 1770 1660 1832 Thoante

436 1875 600 1938 Bacchica
623 1878 831 1958 reperiuntur,
856 1884 890 1937 ut
912 1874 988 1936 hinc
1011 1875 1160 1936 videatur
1181 1873 1315 1936 duxisse
1338 1874 1497 1954 originem
1524 1871 1660 1952 mythus

437 1977 479 2037 de
505 1974 570 2037 filio
597 1975 805 2059 Hypsipylae
832 1975 1073 2058 Nebrophono;
1102 1996 1177 2037 nam
1205 1975 1380 2037 adiuvante
1403 1973 1523 2036 Libero
1546 1975 1662 2054 regina

435 2087 562 2158 patrem
597 2079 739 2140 servavit
770 2077 838 2159 (csr.
861 2077 1013 2140 Valerius
1037 2077 1145 2140 Flacc.
1171 2076 1207 2152 11,
1233 2077 1288 2138 261
1317 2076 1400 2157 sqq.)
1439 2095 1545 2156 neque
1579 2073 1661 2136 mihi

437 2178 595 2240 dissimile
623 2180 751 2241 videtur
785 2200 858 2241 esse
893 2181 959 2241 veri
989 2179 1075 2241 hunc
1109 2177 1297 2240 Thoantem
1332 2178 1473 2239 eundem
1508 2198 1582 2238 esse
1619 2177 1660 2238 de

436 2301 501 2360 quo
536 2279 655 2362 legitur
681 2283 711 2343 in
746 2280 848 2343 schol.
884 2281 926 2342 ad
955 2280 1111 2362 Apollon.
1140 2277 1248 2341 Rhod.
1280 2279 1337 2352 ΠΙ,
1361 2297 1439 2359 997:
1471 2279 1660 2354 διαπεπαρ-

434 2376 599 2442 θένευταῑ
630 2381 709 2463 (scil.
738 2381 900 2462 Ariadne)
936 2379 973 2442 δὲ
997 2368 1064 2442 ὑπὸ
1089 2374 1268 2443 Διονύσου
1291 2374 1383 2442 κατά
1414 2402 1526 2454 τινας,
1560 2378 1602 2446 ἐξ
1624 2363 1665 2458 ἧς

436 2485 629 2544 παιδοποιεῖ
652 2481 862 2557 Οἰνοπίωνα,
881 2475 1035 2557 Θόαντα,
1052 2476 1260 2565 Στάφυλον,
1274 2474 1480 2563 Λάτραρυν,
1498 2469 1664 2558 Εὐάνθη,

441 2573 676 2661 Ταυρόπολιν,
695 2606 836 2666 quocum
854 2585 910 2647 cfr.
928 2586 1095 2668 Mythogr.
1115 2587 1137 2661 Ι,
1161 2605 1235 2667 199:
1256 2586 1451 2668 ‘Phetoneus
1468 2597 1578 2648 autem
1603 2606 1663 2647 seu

436 2685 733 2767 ThyoneusLiberi
745 2685 828 2749 filius
842 2686 901 2749 fuit
913 2689 967 2769 qui
981 2687 1103 2750 inChio
1118 2689 1277 2769 regnavit,
1290 2688 1550 2770 paterThoantis
1563 2688 1662 2768 regiS,

436 2789 526 2849 cuius
549 2787 615 2850 filia
637 2788 824 2870 Hypsipyle
849 2839 854 2850 .
881 2840 886 2850 .
914 2840 919 2851 .
946 2840 951 2850 .
976 2790 1047 2852 sola
1070 2799 1197 2873 patrem
1221 2792 1372 2868 servavit,
1396 2811 1494 2872 quem
1518 2810 1664 2871 proavus

434 2889 534 2951 Liber
568 2888 726 2952 salvavit'
771 2890 853 2954 Cum
881 2912 996 2953 omnes
1023 2891 1066 2953 illi
1099 2892 1208 2954 Liberi
1238 2902 1271 2954 et
1293 2891 1460 2954 Ariadnae
1482 2890 1537 2952 filii
1560 2891 1665 2951 nomi-

435 2989 531 3051 nibus
554 2999 684 3054 utantur
705 2994 823 3074 quibus
847 3003 902 3055 aut
924 3014 975 3055 res
1000 2994 1042 3055 ad
1066 2993 1188 3056 cultum
1213 2994 1265 3055 dei
1282 3003 1471 3075 spectantes
1488 3003 1543 3054 aut
1559 2993 1664 3074 ipsius

435 3093 540 3153 cultus
563 3101 672 3172 partes
697 3094 869 3174 significari
886 3096 991 3176 primo
1008 3097 1182 3177 cognoscis
1205 3095 1331 3170 obtutu,
1355 3095 1477 3157 addam
1502 3094 1666 3175 etymolo-

437 3194 525 3274 giam
555 3214 654 3274 quam
683 3194 906 3258 adhibendam
936 3217 1009 3258 esse
1038 3198 1220 3278 putaverim
1250 3197 1291 3258 de
1326 3197 1496 3273 Thoante;
1531 3196 1667 3258 videtur

433 3295 519 3356 enim
553 3315 621 3356 vox
656 3294 735 3356 mihi
758 3296 905 3359 derivata
932 3318 1006 3359 esse
1036 3319 1055 3358 a
1078 3298 1187 3360 radice
1216 3299 1294 3375 θεν,
1331 3299 1416 3360 unde
1444 3292 1517 3358 θέω
1543 3295 1663 3380 (curro)

432 3389 526 3471 θόος,
550 3387 677 3466 θοάζω
703 3396 769 3476 (cfr.
796 3397 938 3460 Curtius:
963 3398 1107 3480 Etymol.
1128 3400 1180 3464 Gr.
1197 3423 1227 3483 p.
1247 3401 1317 3484 256)
1345 3399 1544 3482 explicanda
1568 3409 1665 3475 sunt;

436 3507 469 3560 et
501 3519 586 3560 nunc
621 3499 745 3580 optime
779 3498 954 3581 intelleges
984 3521 1040 3563 cur
1068 3504 1194 3564 comice
1222 3504 1340 3565 dixerit
1363 3502 1607 3586 Aristophanes
1632 3503 1667 3564 in

435 3600 609 3663 comoedia
632 3592 780 3678 Λήμνιαι
803 3601 958 3682 inscripta
984 3601 1050 3682 (cfr.
1074 3604 1231 3666 Ammon.
1256 3625 1287 3684 p.
1315 3608 1371 3682 138
1395 3604 1446 3665 ed.
1470 3602 1622 3684 Valck.):

587 3699 746 3761 ἐνταῦθα
770 3687 799 3760 d'
824 3696 1057 3778 ἐτυράννευεν
1080 3692 1275 3782 Ὑψιπύλης
1297 3691 1413 3781 πατὴρ

589 3794 679 3868 Θόας
701 3794 929 3880 βραδύνοντος
952 3793 1003 3865 ὢν
1025 3803 1062 3866 ἐν
1084 3791 1287 3883 ἀνθρώποις
1310 3808 1466 3885 δραμεῖν,

520 3919 624 3981 Huius
648 3923 749 4001 partis
773 3920 905 3984 fabulae
929 3944 992 3984 non
1017 3925 1148 3986 inventa
1164 3935 1238 3986 sunt
1262 3925 1370 3987 adhuc
1386 3925 1575 3988 testimonia
1591 3929 1667 3991 sive

435 4020 550 4082 statuis
574 4022 643 4082 sive
667 4021 867 4104 imaginibus
883 4025 1009 4103 oblata3
1033 4047 1139 4106 neque
1156 4048 1240 4107 quae
1256 4026 1320 4089 huc
1336 4036 1471 4108 possent
1487 4028 1665 4108 pertinere,

435 4119 593 4183 sacrificia
617 4122 701 4184 deae
718 4121 872 4205 Chryses,
896 4147 1010 4189 revera
1032 4128 1194 4209 pertinent
1213 4126 1279 4207 (cir.
1296 4127 1333 4189 E.
1352 4126 1509 4190 Gerhard.
1528 4128 1664 4210 ephem.

519 4337 537 4403 ¹)
556 4341 605 4389 Cfr.
624 4343 700 4391 schol.
719 4345 751 4393 ad
769 4344 895 4408 Aristoph.
914 4346 995 4410 Equit.
1018 4358 1093 4408 13323
1122 4347 1235 4395 Mueller.
1259 4347 1333 4396 Orch.
1351 4364 1375 4412 p.
1396 4346 1443 4407 267
1462 4364 1509 4412 sq.;
1534 4350 1664 4415 Lycophr.

434 4442 457 4472 v.
480 4433 541 4486 1315
561 4441 617 4473 cum
634 4427 719 4475 scholl.
738 4429 833 4487 Tzetz.;
853 4429 979 4491 Boettiger
996 4431 1027 4478 de
1047 4431 1106 4493 pict.
1127 4448 1177 4480 vas.
1198 4433 1241 4479 Gr.
1261 4433 1291 4486 11,
1310 4447 1334 4493 p.
1357 4430 1403 4478 182
1423 4446 1476 4495 sqq.
